@inproceedings{rama2015automatic,
  title={Automatic cognate identification with gap-weighted string subsequences.},
  author={Rama, Taraka},
  booktitle={Proceedings of the 2015 Conference of the North American Chapter of the Association for Computational Linguistics: Human Language Technologies, May 31--June 5, 2015 Denver, Colorado, USA},
  pages={1227--1231},
  year={2015}
}

@inproceedings{simard1993using,
  title={Using cognates to align sentences in bilingual corpora},
  author={Simard, Michel and Foster, George F and Isabelle, Pierre},
  booktitle={Proceedings of the 1993 conference of the Centre for Advanced Studies on Collaborative research: distributed computing-Volume 2},
  pages={1071--1082},
  year={1993},
  organization={IBM Press}
}

@inproceedings{kondrak2003cognates,
  title={Cognates can improve statistical translation models},
  author={Kondrak, Grzegorz and Marcu, Daniel and Knight, Kevin},
  booktitle={Proceedings of the 2003 Conference of the North American Chapter of the Association for Computational Linguistics on Human Language Technology: companion volume of the Proceedings of HLT-NAACL 2003--short papers-Volume 2},
  pages={46--48},
  year={2003},
  organization={Association for Computational Linguistics}
}

@inproceedings{hauer2011clustering,
  title={Clustering Semantically Equivalent Words into Cognate Sets in Multilingual Lists.},
  author={Hauer, Bradley and Kondrak, Grzegorz},
  booktitle={IJCNLP},
  pages={865--873},
  year={2011},
  organization={Citeseer}
}

@article{dyen1992indoeuropean,
  title={An Indoeuropean classification: A lexicostatistical experiment},
  author={Dyen, Isidore and Kruskal, Joseph B and Black, Paul},
  journal={Transactions of the American Philosophical society},
  volume={82},
  number={5},
  pages={iii--132},
  year={1992},
  publisher={JSTOR}
}

@InProceedings{polyglot:2013:ACL-CoNLL,
  author    = {Al-Rfou, Rami  and  Perozzi, Bryan  and  Skiena, Steven},
  title     = {Polyglot: Distributed Word Representations for Multilingual NLP},
  booktitle = {Proceedings of the Seventeenth Conference on Computational Natural Language Learning},
  month     = {August},
  year      = {2013},
  address   = {Sofia, Bulgaria},
  publisher = {Association for Computational Linguistics},
  pages     = {183--192}, 
  url       = {http://www.aclweb.org/anthology/W13-3520}
}

@inproceedings{simard1993using,
  title={Using cognates to align sentences in bilingual corpora},
  author={Simard, Michel and Foster, George F and Isabelle, Pierre},
  booktitle={Proceedings of the 1993 conference of the Centre for Advanced Studies on Collaborative research: distributed computing-Volume 2},
  pages={1071--1082},
  year={1993},
  organization={IBM Press}
}

@inproceedings{kondrak2003cognates,
  title={Cognates can improve statistical translation models},
  author={Kondrak, Grzegorz and Marcu, Daniel and Knight, Kevin},
  booktitle={Proceedings of the 2003 Conference of the North American Chapter of the Association for Computational Linguistics on Human Language Technology: companion volume of the Proceedings of HLT-NAACL 2003--short papers-Volume 2},
  pages={46--48},
  year={2003},
  organization={Association for Computational Linguistics}
}

@inproceedings{inkpen2005automatic,
  title={Automatic identification of cognates and false friends in French and English},
  author={Inkpen, Diana and Frunza, Oana and Kondrak, Grzegorz},
  booktitle={Proceedings of the International Conference Recent Advances in Natural Language Processing},
  pages={251--257},
  year={2005}
}

@inproceedings{bergsma2007alignment,
  title={Alignment-based discriminative string similarity},
  author={Bergsma, Shane and Kondrak, Grzegorz},
  booktitle={Annual meeting-Association for Computational Linguistics},
  volume={45},
  number={1},
  pages={656},
  year={2007}
}

@article{rama2016siamese,
  title={Siamese convolutional networks based on phonetic features for cognate identification},
  author={Rama, Taraka},
  journal={arXiv preprint arXiv:1605.05172},
  year={2016}
}

@article{listusing,
  title={Using Sequence Similarity Networks to Identify Partial Cognates in Multilingual Wordlists},
  author={List, Johann-Mattis and Lopez, Philippe and Bapteste, Eric}
}

@article{scikit-learn,
 title={Scikit-learn: Machine Learning in {P}ython},
 author={Pedregosa, F. and Varoquaux, G. and Gramfort, A. and Michel, V.
         and Thirion, B. and Grisel, O. and Blondel, M. and Prettenhofer, P.
         and Weiss, R. and Dubourg, V. and Vanderplas, J. and Passos, A. and
         Cournapeau, D. and Brucher, M. and Perrot, M. and Duchesnay, E.},
 journal={Journal of Machine Learning Research},
 volume={12},
 pages={2825--2830},
 year={2011}
}

@inproceedings{mann2001multipath,
  title={Multipath translation lexicon induction via bridge languages},
  author={Mann, Gideon S and Yarowsky, David},
  booktitle={Proceedings of the second meeting of the North American Chapter of the Association for Computational Linguistics on Language technologies},
  pages={1--8},
  year={2001},
  organization={Association for Computational Linguistics}
}

@inproceedings{tufis2002cheap,
  title={A cheap and fast way to build useful translation lexicons},
  author={Tufis, Dan},
  booktitle={Proceedings of the 19th international conference on Computational linguistics-Volume 1},
  pages={1--7},
  year={2002},
  organization={Association for Computational Linguistics}
}

@inproceedings{kondrak2004identification,
  title={Identification of confusable drug names: A new approach and evaluation methodology},
  author={Kondrak, Grzegorz and Dorr, Bonnie},
  booktitle={Proceedings of the 20th international conference on Computational Linguistics},
  pages={952},
  year={2004},
  organization={Association for Computational Linguistics}
}

@inproceedings{maas2010probabilistic,
  title={A probabilistic model for semantic word vectors},
  author={Maas, Andrew L and Ng, Andrew Y},
  booktitle={NIPS Workshop on Deep Learning and Unsupervised Feature Learning},
  year={2010}
}

@article{faruqui2014retrofitting,
  title={Retrofitting word vectors to semantic lexicons},
  author={Faruqui, Manaal and Dodge, Jesse and Jauhar, Sujay K and Dyer, Chris and Hovy, Eduard and Smith, Noah A},
  journal={arXiv preprint arXiv:1411.4166},
  year={2014}
}