@inproceedings{rama2015automatic,
  title={Automatic cognate identification with gap-weighted string subsequences.},
  author={Rama, Taraka},
  booktitle={HLT-NAACL},
  pages={1227--1231},
  year={2015}
}

@inproceedings{hauer2011clustering,
  title={Clustering Semantically Equivalent Words into Cognate Sets in Multilingual Lists.},
  author={Hauer, Bradley and Kondrak, Grzegorz},
  booktitle={ Proceedings of 5th International Joint Conference on Natural Language Processing},
  pages={865--873},
  year={2011},
  organization={Citeseer}
}

@inproceedings{rama2016siamese,
  title={Siamese convolutional networks based on phonetic features for cognate identification},
  author={Rama, Taraka},
    booktitle={Proceedings of COLING 2016, the 26th International Conference on Computational Linguistics: Technical Papers, Osaka, Japan},
 pages={1018-1027},
  year={2016}
}


@article{dyen1992ielex,
  title={An {I}ndo-{E}uropean classification: A lexicostatistical experiment},
  author={Dyen, Isidore and Kruskal, Joseph B., and Black, Paul},
  journal={Transactions of the American Philosophical Society},
   volume = {82},
   number = {5},
   year = {1990},
  pages={285-308}
}

@inproceedings{rocktaschel2016reasoning,
  title={Reasoning about Entailment with Neural Attention},
  author={Rockt{\"a}schel, Tim and Grefenstette, Edward and Hermann, Karl Moritz and Kocisky, Tomas and Blunsom, Phil},
  booktitle={ICLR},
  year={2016}
}

@inproceedings{Simard:1993:UCA:962367.962411,
 author = {Simard, Michel and Foster, George F. and Isabelle, Pierre},
 title = {Using Cognates to Align Sentences in Bilingual Corpora},
 booktitle = {Proceedings of the 1993 Conference of the Centre for Advanced Studies on Collaborative Research: Distributed Computing - Volume 2},
 series = {CASCON '93},
 year = {1993},
 location = {Toronto, Ontario, Canada},
 pages = {1071--1082},
 numpages = {12},
 url = {http://dl.acm.org/citation.cfm?id=962367.962411},
 acmid = {962411},
 publisher = {IBM Press},
} 

@inproceedings{inkpen2005similarity,

author={Inkpen,Diana and Frunza, Oana and  Kondrak,Grzegorz}

title={Automatic Identification of Cognates and False Friends in French and English}
booktitle={Proceedings of the International Conference on Recent Advances in Natural Language Processing (RANLP 2005)}
pages={251-257}
year={2005}
}
