@inproceedings{rama2015automatic,
  title={Automatic cognate identification with gap-weighted string subsequences.},
  author={Rama, Taraka},
  booktitle={Proceedings of the 2015 Conference of NAACL: Human Language Technologies},
  pages={1227--1231},
  year={2015}
}

@inproceedings{simard1993using,
  title={Using cognates to align sentences in bilingual corpora},
  author={Simard, Michel and Foster, George F and Isabelle, Pierre},
  booktitle={Proceedings of the 1993 Conference of CASCON},
  pages={1071--1082},
  year={1993},
  organization={IBM Press}
}

@inproceedings{kondrak2003cognates,
  title={Cognates can improve statistical translation models},
  author={Kondrak, Grzegorz and Marcu, Daniel and Knight, Kevin},
  booktitle={Proceedings of the 2003 Conference of NAACL: Human Language Technologies},
  pages={46--48},
  year={2003},
  organization={ACL}
}

@inproceedings{hauer2011clustering,
  title={Clustering Semantically Equivalent Words into Cognate Sets in Multilingual Lists.},
  author={Hauer, Bradley and Kondrak, Grzegorz},
  booktitle={IJCNLP},
  pages={865--873},
  year={2011},
  organization={Citeseer}
}

@article{dyen1992indoeuropean,
  title={An Indoeuropean classification: A lexicostatistical experiment},
  author={Dyen, Isidore and Kruskal, Joseph B and Black, Paul},
  journal={Transactions of the American Philosophical society},
  volume={82},
  number={5},
  pages={iii--132},
  year={1992},
  publisher={JSTOR}
}

@InProceedings{polyglot:2013:ACL-CoNLL,
  author    = {Al-Rfou, Rami  and  Perozzi, Bryan  and  Skiena, Steven},
  title     = {Polyglot: Distributed Word Representations for Multilingual NLP},
  booktitle = {Proceedings of the Seventeenth Conference on Computational Natural Language Learning},
  month     = {August},
  year      = {2013},
  address   = {Sofia, Bulgaria},
  publisher = {Association for Computational Linguistics},
  pages     = {183--192}, 
  url       = {http://www.aclweb.org/anthology/W13-3520}
}

@inproceedings{inkpen2005automatic,
  title={Automatic identification of cognates and false friends in French and English},
  author={Inkpen, Diana and Frunza, Oana and Kondrak, Grzegorz},
  booktitle={Proceedings of the International Conference Recent Advances in Natural Language Processing},
  pages={251--257},
  year={2005}
}

@article{lstm1997,
  title={Long short-term memory},
  author={Hochreiter, Sepp and Schmidhuber, J{\"u}rgen},
  journal={Neural computation},
  volume={9},
  number={8},
  pages={1735--1780},
  year={1997},
  publisher={MIT Press}
}
@inproceedings{bergsma2007alignment,
  title={Alignment-based discriminative string similarity},
  author={Bergsma, Shane and Kondrak, Grzegorz},
  booktitle={Annual meeting-Association for Computational Linguistics},
  volume={45},
  number={1},
  pages={656},
  year={2007}
}

@inproceedings{rama2016siamese,
    Author = {Rama, Taraka},
    Booktitle = {Proceedings of COLING 2016},
    Pages = {1018-1027},
    Title = {Siamese Convolutional Networks for Cognate Identification},
    Year = {2016}
}

@inproceedings{cpattention,
  title={Show, attend and tell: Neural image caption generation with visual attention},
  author={Xu, Kelvin and Ba, Jimmy and Kiros, Ryan and Cho, Kyunghyun and Courville, Aaron and Salakhudinov, Ruslan and Zemel, Rich and Bengio, Yoshua},
  booktitle={International Conference on Machine Learning},
  pages={2048--2057},
  year={2015}
}

@article{mtattention,
  title={Effective approaches to attention-based neural machine translation},
  author={Luong, Minh-Thang and Pham, Hieu and Manning, Christopher D},
  journal={arXiv preprint arXiv:1508.04025},
  year={2015}
}

@inproceedings{stackedattention,
  title={Stacked attention networks for image question answering},
  author={Yang, Zichao and He, Xiaodong and Gao, Jianfeng and Deng, Li and Smola, Alex},
  booktitle={Proceedings of the IEEE Conference on Computer Vision and Pattern Recognition},
  pages={21--29},
  year={2016}
}

@article{listusing,
  title={Using Sequence Similarity Networks to Identify Partial Cognates in Multilingual Wordlists},
  author={List, Johann-Mattis and Lopez, Philippe and Bapteste, Eric}
}

@article{scikit-learn,
 title={Scikit-learn: Machine Learning in {P}ython},
 author={Pedregosa, F. and Varoquaux, G. and Gramfort, A. and Michel, V.
         and Thirion, B. and Grisel, O. and Blondel, M. and Prettenhofer, P.
         and Weiss, R. and Dubourg, V. and Vanderplas, J. and Passos, A. and
         Cournapeau, D. and Brucher, M. and Perrot, M. and Duchesnay, E.},
 journal={Journal of Machine Learning Research},
 volume={12},
 pages={2825--2830},
 year={2011}
}

@inproceedings{mann2001multipath,
  title={Multipath translation lexicon induction via bridge languages},
  author={Mann, Gideon S and Yarowsky, David},
  booktitle={Proceedings of the second meeting of the North American Chapter of the Association for Computational Linguistics on Language technologies},
  pages={1--8},
  year={2001},
  organization={Association for Computational Linguistics}
}

@inproceedings{tufis2002cheap,
  title={A cheap and fast way to build useful translation lexicons},
  author={Tufis, Dan},
  booktitle={Proceedings of the 19th international conference on Computational linguistics-Volume 1},
  pages={1--7},
  year={2002},
  organization={Association for Computational Linguistics}
}

@inproceedings{kondrak2004identification,
  title={Identification of confusable drug names: A new approach and evaluation methodology},
  author={Kondrak, Grzegorz and Dorr, Bonnie},
  booktitle={Proceedings of the 20th international conference on Computational Linguistics},
  pages={952},
  year={2004},
  organization={Association for Computational Linguistics}
}

@inproceedings{maas2010probabilistic,
  title={A probabilistic model for semantic word vectors},
  author={Maas, Andrew L and Ng, Andrew Y},
  booktitle={NIPS Workshop on Deep Learning and Unsupervised Feature Learning},
  year={2010}
}

@article{faruqui2014retrofitting,
  title={Retrofitting word vectors to semantic lexicons},
  author={Faruqui, Manaal and Dodge, Jesse and Jauhar, Sujay K and Dyer, Chris and Hovy, Eduard and Smith, Noah A},
  journal={arXiv preprint arXiv:1411.4166},
  year={2014}
}


@article{Brown:08,
    Author = {Cecil H. Brown and Eric W Holman and Soren Wichmann and Viveka Villupillai},
    Date-Added = {2017-04-21 11:24:49 +0000},
    Date-Modified = {2017-04-21 11:28:06 +0000},
    Journal = {Language Typology and Universals},
    Number = {285-308},
    Title = {Automated classification of the world's languages:a description of the method and preliminary results},
    Year = {2008}}

@incollection{wichmann:2008,
    Author = {Soren Wichmann and Eric W Holman},
    Booktitle = {Approaches to Measuring Linguistic Differences},
    Date-Added = {2017-04-14 07:01:48 +0000},
    Date-Modified = {2017-04-14 07:07:10 +0000},
    Editor = {Lars Borin and Anju Saxena},
    Publisher = {De Gruyter},
    Title = {Languages with longer words have more lexical change},
    Year = {2008}}

@electronic{wichmannASJP:2016,
    Author = {Soren Wichmann and Eric W Holman and Cecil H. Brown},
    Date-Added = {2017-04-14 06:56:49 +0000},
    Date-Modified = {2017-04-14 07:05:36 +0000},
    Keywords = {http://asjp.clld.org/},
    Title = {The ASJP database},
    Urldate = {2016}}

@article{greenhillBlust:08,
    Author = {Greenhill, S.J. and Blust, R. and Gray, R.D.},
    Date-Added = {2017-04-14 06:08:26 +0000},
    Date-Modified = {2017-04-14 06:10:19 +0000},
    Journal = {Evolutionary Bioinformatics},
    Pages = {271-283},
    Title = {The Austronesian Basic Vocabulary Database: From Bioinformatics to Lexomics.},
    Volume = {4},
    Year = {2008}}

@article{Singh:07b,
    Author = {Anil Kumar Singh and Surana, Harshit},
    Date-Added = {2017-04-02 16:40:27 +0000},
    Date-Modified = {2017-04-02 16:40:27 +0000},
    Journal = {Journal of Language Technology},
    Publisher = {Dept. of IT, Govt. of India},
    Title = {Study of Cognates among South Asian Languages for the Purpose of Building Lexical Resources},
    Year = {2007}}

@inproceedings{List2016g,
    Author = {List, Johann-Mattis and Lopez, Philippe and Bapteste, Eric},
    Booktitle = {Proceedings of the ACL 2016},
    Date-Added = {2017-04-02 16:34:11 +0000},
    Date-Modified = {2017-04-02 16:34:19 +0000},
    Pages = {599-605},
    Title = {Using sequence similarity networks to identify partial cognates in multilingual wordlists},
    Url = {http://anthology.aclweb.org/P16-2097},
    Year = {2016}}

@inproceedings{Kondrak:2003,
    Acmid = {1073499},
    Address = {Stroudsburg, PA, USA},
    Author = {Kondrak, Grzegorz and Marcu, Daniel and Knight, Kevin},
    Booktitle = {Proceedings of the 2003 Conference of the North American Chapter of the Association for Computational Linguistics on Human Language Technology: Companion Volume of the Proceedings of HLT-NAACL 2003--short Papers - Volume 2},
    Date-Added = {2017-04-02 16:31:55 +0000},
    Date-Modified = {2017-04-02 16:32:17 +0000},
    Doi = {10.3115/1073483.1073499},
    Location = {Edmonton, Canada},
    Numpages = {3},
    Pages = {46--48},
    Publisher = {Association for Computational Linguistics},
    Series = {NAACL-Short '03},
    Title = {Cognates Can Improve Statistical Translation Models},
    Url = {https://doi.org/10.3115/1073483.1073499},
    Year = {2003},
    Bdsk-Url-1 = {https://doi.org/10.3115/1073483.1073499},
    Bdsk-Url-2 = {http://dx.doi.org/10.3115/1073483.1073499}}

@article{dyen1992ielex,
    Author = {Dyen, Isidore and Kruskal, Joseph B., and Black, Paul},
    Journal = {Transactions of the American Philosophical Society},
    Number = {5},
    Pages = {285-308},
    Title = {An {I}ndo-{E}uropean classification: A lexicostatistical experiment},
    Volume = {82},
    Year = {1990}}

@inproceedings{rocktaschel2016reasoning,
    Author = {Rockt{\"a}schel, Tim and Grefenstette, Edward and Hermann, Karl Moritz and Kocisky, Tomas and Blunsom, Phil},
    Booktitle = {ICLR},
    Title = {Reasoning about Entailment with Neural Attention},
    Year = {2016}}

@inproceedings{inkpen2005similarity,
    Author = {Inkpen,Diana and Frunza, Oana and Kondrak,Grzegorz},
    Booktitle = {Proceedings of the International Conference on Recent Advances in Natural Language Processing},
    Pages = {251-257},
    Title = {Automatic Identification of Cognates and False Friends in French and English},
    Year = {2005}}

@inproceedings{pennington2014glove,
    Author = {Jeffrey Pennington and Richard Socher and Christopher D. Manning},
    Booktitle = {EMNLP},
    Pages = {1532--1543},
    Title = {GloVe: Global Vectors for Word Representation},
    Url = {http://www.aclweb.org/anthology/D14-1162},
    Year = {2014},
    Bdsk-Url-1 = {http://www.aclweb.org/anthology/D14-1162}}

@inproceedings{mikolov2010recurrent,
    Author = {Mikolov, Tomas and Karafi{\'a}t, Martin and Burget, Lukas and Cernock{\`y}, Jan and Khudanpur, Sanjeev},
    Booktitle = {Interspeech},
    Pages = {3},
    Title = {Recurrent neural network based language model.},
    Volume = {2},
    Year = {2010}}

@inproceedings{sordoni2015hierarchical,
    Author = {Sordoni, Alessandro and Bengio, Yoshua and Vahabi, Hossein and Lioma, Christina and Grue Simonsen, Jakob and Nie, Jian-Yun},
    Booktitle = {Proceedings of the 24th ACM International on Conference on Information and Knowledge Management},
    Organization = {ACM},
    Pages = {553--562},
    Title = {A hierarchical recurrent encoder-decoder for generative context-aware query suggestion},
    Year = {2015}}

@inproceedings{bahdanau2014neural,
    Author = {Bahdanau, Dzmitry and Cho, Kyunghyun and Bengio, Yoshua},
    Booktitle = {ICLR 2015},
    Title = {Neural machine translation by jointly learning to align and translate},
    Year = {2014}}

@inproceedings{snli:emnlp2015,
    Author = {Bowman, Samuel R. and Angeli, Gabor and Potts, Christopher and Manning, Christopher D.},
    Booktitle = {Proceedings of the 2015 Conference on Empirical Methods in Natural Language Processing (EMNLP)},
    Publisher = {Association for Computational Linguistics},
    Title = {A large annotated corpus for learning natural language inference},
    Year = {2015}}

@article{yin2017comparative,
    Author = {Yin, Wenpeng and Kann, Katharina and Yu, Mo and Sch{\"u}tze, Hinrich},
    Journal = {arXiv preprint arXiv:1702.01923},
    Title = {Comparative Study of CNN and RNN for Natural Language Processing},
    Year = {2017}}

@inproceedings{xu2015show,
  title={Show, attend and tell: Neural image caption generation with visual attention},
  author={Xu, Kelvin and Ba, Jimmy and Kiros, Ryan and Cho, Kyunghyun and Courville, Aaron and Salakhudinov, Ruslan and Zemel, Rich and Bengio, Yoshua},
  booktitle={International Conference on Machine Learning},
  pages={2048--2057},
  year={2015}
}

@article{bahdanau2014neural,
  title={Neural machine translation by jointly learning to align and translate},
  author={Bahdanau, Dzmitry and Cho, Kyunghyun and Bengio, Yoshua},
  journal={arXiv preprint arXiv:1409.0473},
  year={2014}
}
    
